<collection xmlns="http://www.loc.gov/MARC21/slim">
<record>
  <leader>00744nam0a22001811i 450 </leader>
  <controlfield tag="001">IT\ICCU\CNCE\070995</controlfield>
  <controlfield tag="005">20070611000000.0</controlfield>
  <datafield tag="012" ind1=" " ind2=" ">
    <subfield code="a">noi, emun alua heer (C) 1562 (Q)</subfield>
    <subfield code="2">fei</subfield>
  </datafield>
  <datafield tag="100" ind1=" " ind2=" ">
    <subfield code="a">20070608f1562        0itac0103    ba</subfield>
  </datafield>
  <datafield tag="101" ind1=" " ind2=" ">
    <subfield code="a">ITA</subfield>
  </datafield>
  <datafield tag="102" ind1=" " ind2=" ">
    <subfield code="a">IT</subfield>
  </datafield>
  <datafield tag="200" ind1="1" ind2=" ">
    <subfield code="a">Pronostico dell&apos;alamanach, dell&apos;anno 1563. -((Nel titolo la data  ̈espressa M.D.LXIII. - L&apos;autore Giovan Battista Ghelini si ricava da fonti esterne cfr. G. Antonelli Indicem ferrariensium scriptorum, 1834. - Segn.: A6 (-A1 -A6)</subfield>
  </datafield>
  <datafield tag="210" ind1=" " ind2=" ">
    <subfield code="d">\1562?!</subfield>
  </datafield>
  <datafield tag="215" ind1=" " ind2=" ">
    <subfield code="a">- \4! c.</subfield>
    <subfield code="d">4ʻ</subfield>
  </datafield>
  <datafield tag="300" ind1=" " ind2=" ">
    <subfield code="a">ANNULLATA !!!!! vedi 47668</subfield>
  </datafield>
  <datafield tag="700" ind1=" " ind2="1">
    <subfield code="a">Ghelini,</subfield>
    <subfield code="b">Giovanni Battista</subfield>
    <subfield code="3">IT\ICCU\CNCA\008953</subfield>
  </datafield>
  <datafield tag="801" ind1=" " ind2="3">
    <subfield code="a">IT</subfield>
    <subfield code="b">ICCU</subfield>
    <subfield code="c">20201115</subfield>
  </datafield>
  <datafield tag="899" ind1=" " ind2=" ">
    <subfield code="a">Biblioteca comunale Ariostea. Ferrara</subfield>
    <subfield code="1">FE0017</subfield>
    <subfield code="2">UFE AR</subfield>
  </datafield>
</record>
</collection>
